<record><leader>00000cas a2200000 a 4500</leader><controlfield tag="001">34603684</controlfield><controlfield tag="008">960419d18931918azuwr ne      0    0eng d</controlfield><datafield ind1=" " ind2=" " tag="010"><subfield code="a">sn 96060809 </subfield></datafield><datafield ind1=" " ind2=" " tag="040"><subfield code="a">ANN</subfield><subfield code="b">eng</subfield><subfield code="c">ANN</subfield><subfield code="d">DLC</subfield><subfield code="d">OCLCQ</subfield><subfield code="d">OCLCO</subfield></datafield><datafield ind1="1" ind2=" " tag="029"><subfield code="a">AU@</subfield><subfield code="b">000025929374</subfield></datafield><datafield ind1=" " ind2=" " tag="042"><subfield code="a">msc</subfield></datafield><datafield ind1=" " ind2=" " tag="043"><subfield code="a">n-us-az</subfield></datafield><datafield ind1="0" ind2="0" tag="245"><subfield code="a">Our mineral wealth.</subfield></datafield><datafield ind1=" " ind2=" " tag="260"><subfield code="a">Kingman, Mohave County, Ariz. :</subfield><subfield code="b">J.A. Whitmore [and] K. St. Charles</subfield></datafield><datafield ind1=" " ind2=" " tag="300"><subfield code="a">v.</subfield></datafield><datafield ind1=" " ind2=" " tag="310"><subfield code="a">Weekly</subfield></datafield><datafield ind1="1" ind2=" " tag="362"><subfield code="a">Began 1893; ceased Aug. 1918.</subfield></datafield><datafield ind1=" " ind2=" " tag="500"><subfield code="a">"Populist" appears in masthead, Oct. 20, 1893-Nov. 4, 1894.</subfield></datafield><datafield ind1=" " ind2=" " tag="580"><subfield code="a">Merged with: Mohave County miner (Mineral Park, Ariz.), to form: Mohave County miner and our mineral wealth.</subfield></datafield><datafield ind1=" " ind2=" " tag="588"><subfield code="a">Description based on: Vol. 1, no. 4 (Aug. 4, 1893).</subfield></datafield><datafield ind1=" " ind2="0" tag="651"><subfield code="a">Kingman (Ariz.)</subfield><subfield code="v">Newspapers.</subfield></datafield><datafield ind1=" " ind2="0" tag="651"><subfield code="a">Mohave County (Ala.)</subfield><subfield code="v">Newspapers.</subfield></datafield><datafield ind1=" " ind2=" " tag="752"><subfield code="a">United States</subfield><subfield code="b">Arizona</subfield><subfield code="c">Mohave</subfield><subfield code="d">Kingman.</subfield></datafield><datafield ind1="1" ind2="7" tag="785"><subfield code="t">Mohave County miner (Mineral Park, Ariz.)</subfield><subfield code="x">2151-4003</subfield><subfield code="w">(DLC)sn 84024828</subfield><subfield code="w">(OCoLC)11364036</subfield></datafield><datafield ind1="1" ind2="7" tag="785"><subfield code="t">Mohave County miner and our mineral wealth</subfield><subfield code="x">2157-8001</subfield><subfield code="w">(DLC)sn 96060547</subfield><subfield code="w">(OCoLC)35722631</subfield></datafield></record>